@article{1,
  title={Integrable aspects and rogue wave solution of Sasa--Satsuma equation with variable coefficients in the inhomogeneous fiber},
  author={Zhang, Yu-Ping and Yu, Lan and Wei, Guang-Mei},
  journal={Modern Physics Letters B},
  volume={32},
  number={05},
  pages={1850059},
  year={2018},
  publisher={World Scientific}
}

@article{2,
  title={Twisted rogue-wave pairs in the Sasa-Satsuma equation},
  author={Chen, Shihua},
  journal={Physical Review E},
  volume={88},
  number={2},
  pages={023202},
  year={2013},
  publisher={APS}
}

@article{3,
  title={Dynamic patterns of high-order rogue waves for Sasa--Satsuma equation},
  author={Mu, Gui and Qin, Zhenyun},
  journal={Nonlinear Analysis: Real World Applications},
  volume={31},
  pages={179--209},
  year={2016},
  publisher={Elsevier}
}

@article{4,
  title={Rogue waves of the Sasa-Satsuma equation in a chaotic wave field},
  author={Soto-Crespo, JM and Devine, Natasha and Hoffmann, NP and Akhmediev, Nail},
  journal={Physical Review E},
  volume={90},
  number={3},
  pages={032902},
  year={2014},
  publisher={APS}
}

@article{5,
  title={Anti-dark and Mexican-hat solitons in the Sasa-Satsuma equation on the continuous wave background},
  author={Xu, Tao and Li, Min and Li, Lu},
  journal={EPL (Europhysics Letters)},
  volume={109},
  number={3},
  pages={30006},
  year={2015},
  publisher={IOP Publishing}
}

@article{6,
  title={Certain bright soliton interactions of the Sasa-Satsuma equation in a monomode optical fiber},
  author={Liu, Lei and Tian, Bo and Chai, Han-Peng and Yuan, Yu-Qiang},
  journal={Physical Review E},
  volume={95},
  number={3},
  pages={032202},
  year={2017},
  publisher={APS}
}

@article{7,
  title={Soliton solution, B{\"a}cklund transformation, and conservation laws for the Sasa-Satsuma equation in the optical fiber communications},
  author={Liu, Ying and Gao, Yi-Tian and Xu, Tao and L{\"u}, Xing and Sun, Zhi-Yuan and Meng, Xiang-Hua and Yu, Xin and Gai, Xiao-Ling},
  journal={Zeitschrift f{\"u}r Naturforschung A},
  volume={65},
  number={4},
  pages={291--300},
  year={2010},
  publisher={Verlag der Zeitschrift f{\"u}r Naturforschung}
}

@article{8,
  title={Conservation laws and rogue waves for a higher-order nonlinear Schr{\"o}dinger equation with variable coefficients in the inhomogeneous fiber},
  author={Du, Zhong and Tian, Bo and Wu, Xiao-Yu and Liu, Lei and Sun, Yan},
  journal={Superlattices and Microstructures},
  volume={107},
  pages={310--319},
  year={2017},
  publisher={Elsevier}
}

@article{9,
  title={Nonautonomous solitons and interactions for a variable-coefficient resonant nonlinear Schr{\"o}dinger equation},
  author={Li, Min and Xu, Tao and Wang, Lei and Qi, Feng-Hua},
  journal={Applied Mathematics Letters},
  volume={60},
  pages={8--13},
  year={2016},
  publisher={Elsevier}
}

@article{10,
  title={The Painlev{\'e} property, B{\"a}cklund transformation, Lax pair and new analytic solutions of a generalized variable-coefficient KdV equation from fluids and plasmas},
  author={Yuping, Zhang and Junyi, Wang and Guangmei, Wei and Ruiping, Liu},
  journal={Physica Scripta},
  volume={90},
  number={6},
  pages={065203},
  year={2015},
  publisher={IOP Publishing}
}

@article{11,
  title={Generalized perturbation (n, M)-fold Darboux transformations and multi-rogue-wave structures for the modified self-steepening nonlinear Schr{\"o}dinger equation},
  author={Wen, Xiao-Yong and Yang, Yunqing and Yan, Zhenya},
  journal={Physical Review E},
  volume={92},
  number={1},
  pages={012917},
  year={2015},
  publisher={APS}
}

@article{12,
  title={Vector rogue waves in the mixed coupled nonlinear Schr{\"o}dinger equations},
  author={Li, Min and Liang, Huan and Xu, Tao and Liu, Changjing},
  journal={The European Physical Journal Plus},
  volume={131},
  number={4},
  pages={100},
  year={2016},
  publisher={Springer}
}

@article{13,
  title={New-type of soliton solutions for a higher-order nonlinear Schr{\"o}dinger equation},
  author={Sasa, Narimasa and Satsuma, Junkichi},
  journal={Journal of the Physical Society of Japan},
  volume={60},
  number={2},
  pages={409--417},
  year={1991},
  publisher={The Physical Society of Japan}
}

@article{14,
  title={Modulational instability and higher-order rogue waves with parameters modulation in a coupled integrable AB system via the generalized Darboux transformation},
  author={Wen, Xiao-Yong and Yan, Zhenya},
  journal={Chaos: An Interdisciplinary Journal of Nonlinear Science},
  volume={25},
  number={12},
  pages={123115},
  year={2015},
  publisher={AIP Publishing}
}

@article{15,
  title={Higher-order rational solitons and rogue-like wave solutions of the (2+ 1)-dimensional nonlinear fluid mechanics equations},
  author={Wen, Xiao-Yong and Yan, Zhenya},
  journal={Communications in Nonlinear Science and Numerical Simulation},
  volume={43},
  pages={311--329},
  year={2017},
  publisher={Elsevier}
}
